% This file records all our references. It can be datasheets, manuals, papers,
% books...

@techreport{AC97spec,
    author      = "Intel",
    title       = "{A}udio {C}odec `97 revision 2.3",
    institution = "Intel Corporation",
    year        = 2002,
    month       = apr,
    note        = "\url{http://download.intel.com/support/motherboards/desktop/sb/ac97_r23.pdf}"
}

@book{LDD3,
    author      = "{Jonathan Corbet, Alessandro Rubini, and Greg Kroah-Hartman}",
    title       = "Linux Device Driver Third Edition",
    publisher   = "O'Reilly",
    year        = 2005,
    month       = jan,
    note        = "\url{http://lwn.net/Kernel/LDD3/}"
}

@techreport{ALSADriver,
    author      = "Takashi Iwai",
    title       = "{W}riting an {ALSA} {D}river",
    institution = "Suse",
    year        = 2009,
    month       = feb,
    note        = "\url{http://www.kernel.org/pub/linux/kernel/people/tiwai/docs/writing-an-alsa-driver.pdf}"
}

@techreport{ALSAAPI,
    author      = "Takashi Iwai",
    title       = "{T}he {ALSA} {D}river {API}",
    institution = "Suse",
    year        = 2009,
    month       = feb,
    note        = "\url{http://www.kernel.org/pub/linux/kernel/people/tiwai/docs/alsa-driver-api.pdf}"
}
